<?xml version="1.0" encoding="UTF-8" ?>
<marc:record xmlns:marc="http://www.loc.gov/MARC21/slim">
<marc:leader>00811cas a2200205   4500</marc:leader>
<marc:controlfield tag="001">177226</marc:controlfield>

<marc:controlfield tag="008">890224s1858                        eng  </marc:controlfield>

<marc:datafield tag="035" ind1=" " ind2=" ">
<marc:subfield code="a">(Sirsi) 177226</marc:subfield>
</marc:datafield>

<marc:datafield tag="110" ind1="2" ind2=" ">
<marc:subfield code="a">Museum of Practical Geology</marc:subfield>
</marc:datafield>

<marc:datafield tag="245" ind1="1" ind2="2">
<marc:subfield code="a">A descriptive catalogue of the rock specimens in the Museum of Practical Geology /</marc:subfield>
<marc:subfield code="c">By Andrew C. C. Ramsay,  Henry W. Bristow, and Hilary Bauerman</marc:subfield>
</marc:datafield>

<marc:datafield tag="260" ind1=" " ind2=" ">
<marc:subfield code="a">London :</marc:subfield>
<marc:subfield code="b">HMSO,</marc:subfield>
<marc:subfield code="c">1858</marc:subfield>
</marc:datafield>

<marc:datafield tag="300" ind1=" " ind2=" ">
<marc:subfield code="a">xvi, 293 p. ;</marc:subfield>
<marc:subfield code="c">19 cm.</marc:subfield>
</marc:datafield>

<marc:datafield tag="592" ind1=" " ind2=" ">
<marc:subfield code="a">Scanned for Darwin Library and BHL.</marc:subfield>
</marc:datafield>

<marc:datafield tag="596" ind1=" " ind2=" ">
<marc:subfield code="a">3</marc:subfield>
</marc:datafield>

<marc:datafield tag="700" ind1="1" ind2=" ">
<marc:subfield code="a">Ramsay, Andrew Crombie,</marc:subfield>
<marc:subfield code="c">Sir,</marc:subfield>
<marc:subfield code="d">1814-1891</marc:subfield>
</marc:datafield>

<marc:datafield tag="700" ind1="1" ind2=" ">
<marc:subfield code="a">Bristow, Henry W.</marc:subfield>
<marc:subfield code="q">(Henry William),</marc:subfield>
<marc:subfield code="d">1817-1889</marc:subfield>
</marc:datafield>

<marc:datafield tag="700" ind1="1" ind2=" ">
<marc:subfield code="a">Bauerman, Hilary,</marc:subfield>
<marc:subfield code="d">1833-1909</marc:subfield>
</marc:datafield>

<marc:controlfield tag="001">Catkey 78144</marc:controlfield>

<marc:datafield tag="590" ind1="1" ind2=" ">
<marc:subfield code="a">Itemid 285568</marc:subfield>
</marc:datafield>

<marc:datafield tag="999" ind1=" " ind2=" ">
<marc:subfield code="a">BM F RAM</marc:subfield>
<marc:subfield code="w">ALPHABETIC</marc:subfield>
<marc:subfield code="c">1</marc:subfield>
<marc:subfield code="i">285568</marc:subfield>
<marc:subfield code="d">27/3/1998</marc:subfield>
<marc:subfield code="l">SHELVES</marc:subfield>
<marc:subfield code="m">PALAEO</marc:subfield>
<marc:subfield code="r">Y</marc:subfield>
<marc:subfield code="s">Y</marc:subfield>
<marc:subfield code="t">BOOK</marc:subfield>
<marc:subfield code="u">27/3/1998</marc:subfield>
<marc:subfield code="x">OFFICIAL</marc:subfield>
</marc:datafield>

</marc:record>